%YAML 1.1
%TAG !u! tag:unity3d.com,2011:
--- !u!1 &8004847972612087012
GameObject:
  m_ObjectHideFlags: 0
  m_CorrespondingSourceObject: {fileID: 0}
  m_PrefabInstance: {fileID: 0}
  m_PrefabAsset: {fileID: 0}
  serializedVersion: 6
  m_Component:
  - component: {fileID: 8004847972612087018}
  - component: {fileID: 8004847972612087013}
  m_Layer: 0
  m_Name: LEVELGENERATOR
  m_TagString: Untagged
  m_Icon: {fileID: 0}
  m_NavMeshLayer: 0
  m_StaticEditorFlags: 0
  m_IsActive: 1
--- !u!4 &8004847972612087018
Transform:
  m_ObjectHideFlags: 0
  m_CorrespondingSourceObject: {fileID: 0}
  m_PrefabInstance: {fileID: 0}
  m_PrefabAsset: {fileID: 0}
  m_GameObject: {fileID: 8004847972612087012}
  m_LocalRotation: {x: 0, y: 0, z: 0, w: 1}
  m_LocalPosition: {x: 0, y: 0, z: 0}
  m_LocalScale: {x: 1, y: 1, z: 1}
  m_Children:
  - {fileID: 8004847971392743382}
  - {fileID: 4923480092255879880}
  - {fileID: 4923480092669360966}
  - {fileID: 4923480092461161877}
  m_Father: {fileID: 0}
  m_RootOrder: 0
  m_LocalEulerAnglesHint: {x: 0, y: 0, z: 0}
--- !u!114 &8004847972612087013
MonoBehaviour:
  m_ObjectHideFlags: 0
  m_CorrespondingSourceObject: {fileID: 0}
  m_PrefabInstance: {fileID: 0}
  m_PrefabAsset: {fileID: 0}
  m_GameObject: {fileID: 8004847972612087012}
  m_Enabled: 1
  m_EditorHideFlags: 0
  m_Script: {fileID: 11500000, guid: 3893d6a732b35ac43ba39697f005265c, type: 3}
  m_Name: 
  m_EditorClassIdentifier: 
  corners:
  - {fileID: 8004847971392743382}
  - {fileID: 4923480092255879880}
  - {fileID: 4923480092669360966}
  - {fileID: 4923480092461161877}
  buildMesh: {fileID: 1801831498930491735, guid: 98a455753ded3b34ba31f618eb05b0ff,
    type: 3}
  distances:
  - 0
  - 0
  - 0
  - 0
  buildingPos: {x: 0, y: 0, z: 0}
  cornerTags:
  - {fileID: 4657609895030165205}
  - {fileID: 7775040735436237771}
  - {fileID: 7775040735036002885}
  - {fileID: 7775040735096222870}
  roadCorner:
  - {fileID: 5236738371695850890}
  - {fileID: 7199558239159505044}
  - {fileID: 7199558238793885978}
  - {fileID: 7199558238953705417}
  buildingPositioner:
  - {fileID: 8333833657849582063}
  - {fileID: 6404928261978191089}
  - {fileID: 6404928262074322303}
  - {fileID: 6404928262318173100}
--- !u!1001 &4923480090588459589
PrefabInstance:
  m_ObjectHideFlags: 0
  serializedVersion: 2
  m_Modification:
    m_TransformParent: {fileID: 8004847972612087018}
    m_Modifications:
    - target: {fileID: 3117997131435431316, guid: ac785917c2c7a0c4b85ce55ee50c96f4,
        type: 3}
      propertyPath: m_Name
      value: corner (1)
      objectReference: {fileID: 0}
    - target: {fileID: 3117997131435431315, guid: ac785917c2c7a0c4b85ce55ee50c96f4,
        type: 3}
      propertyPath: m_LocalPosition.x
      value: 0
      objectReference: {fileID: 0}
    - target: {fileID: 3117997131435431315, guid: ac785917c2c7a0c4b85ce55ee50c96f4,
        type: 3}
      propertyPath: m_LocalPosition.y
      value: 0
      objectReference: {fileID: 0}
    - target: {fileID: 3117997131435431315, guid: ac785917c2c7a0c4b85ce55ee50c96f4,
        type: 3}
      propertyPath: m_LocalPosition.z
      value: 0
      objectReference: {fileID: 0}
    - target: {fileID: 3117997131435431315, guid: ac785917c2c7a0c4b85ce55ee50c96f4,
        type: 3}
      propertyPath: m_LocalRotation.x
      value: 0
      objectReference: {fileID: 0}
    - target: {fileID: 3117997131435431315, guid: ac785917c2c7a0c4b85ce55ee50c96f4,
        type: 3}
      propertyPath: m_LocalRotation.y
      value: 0
      objectReference: {fileID: 0}
    - target: {fileID: 3117997131435431315, guid: ac785917c2c7a0c4b85ce55ee50c96f4,
        type: 3}
      propertyPath: m_LocalRotation.z
      value: 0
      objectReference: {fileID: 0}
    - target: {fileID: 3117997131435431315, guid: ac785917c2c7a0c4b85ce55ee50c96f4,
        type: 3}
      propertyPath: m_LocalRotation.w
      value: 1
      objectReference: {fileID: 0}
    - target: {fileID: 3117997131435431315, guid: ac785917c2c7a0c4b85ce55ee50c96f4,
        type: 3}
      propertyPath: m_RootOrder
      value: 0
      objectReference: {fileID: 0}
    - target: {fileID: 3117997131435431315, guid: ac785917c2c7a0c4b85ce55ee50c96f4,
        type: 3}
      propertyPath: m_LocalEulerAnglesHint.x
      value: 0
      objectReference: {fileID: 0}
    - target: {fileID: 3117997131435431315, guid: ac785917c2c7a0c4b85ce55ee50c96f4,
        type: 3}
      propertyPath: m_LocalEulerAnglesHint.y
      value: 0
      objectReference: {fileID: 0}
    - target: {fileID: 3117997131435431315, guid: ac785917c2c7a0c4b85ce55ee50c96f4,
        type: 3}
      propertyPath: m_LocalEulerAnglesHint.z
      value: 0
      objectReference: {fileID: 0}
    - target: {fileID: 6190797118993895301, guid: ac785917c2c7a0c4b85ce55ee50c96f4,
        type: 3}
      propertyPath: rightTarget
      value: 
      objectReference: {fileID: 7199558239159505044}
    m_RemovedComponents: []
  m_SourcePrefab: {fileID: 100100000, guid: ac785917c2c7a0c4b85ce55ee50c96f4, type: 3}
--- !u!4 &8004847971392743382 stripped
Transform:
  m_CorrespondingSourceObject: {fileID: 3117997131435431315, guid: ac785917c2c7a0c4b85ce55ee50c96f4,
    type: 3}
  m_PrefabInstance: {fileID: 4923480090588459589}
  m_PrefabAsset: {fileID: 0}
--- !u!1 &4657609895030165205 stripped
GameObject:
  m_CorrespondingSourceObject: {fileID: 355943298271394960, guid: ac785917c2c7a0c4b85ce55ee50c96f4,
    type: 3}
  m_PrefabInstance: {fileID: 4923480090588459589}
  m_PrefabAsset: {fileID: 0}
--- !u!4 &5236738371695850890 stripped
Transform:
  m_CorrespondingSourceObject: {fileID: 936492275241650127, guid: ac785917c2c7a0c4b85ce55ee50c96f4,
    type: 3}
  m_PrefabInstance: {fileID: 4923480090588459589}
  m_PrefabAsset: {fileID: 0}
--- !u!1 &8333833657849582063 stripped
GameObject:
  m_CorrespondingSourceObject: {fileID: 4031863510050415530, guid: ac785917c2c7a0c4b85ce55ee50c96f4,
    type: 3}
  m_PrefabInstance: {fileID: 4923480090588459589}
  m_PrefabAsset: {fileID: 0}
--- !u!1001 &8004847972879423323
PrefabInstance:
  m_ObjectHideFlags: 0
  serializedVersion: 2
  m_Modification:
    m_TransformParent: {fileID: 8004847972612087018}
    m_Modifications:
    - target: {fileID: 3117997131435431316, guid: ac785917c2c7a0c4b85ce55ee50c96f4,
        type: 3}
      propertyPath: m_Name
      value: corner (2)
      objectReference: {fileID: 0}
    - target: {fileID: 3117997131435431315, guid: ac785917c2c7a0c4b85ce55ee50c96f4,
        type: 3}
      propertyPath: m_LocalPosition.x
      value: 5
      objectReference: {fileID: 0}
    - target: {fileID: 3117997131435431315, guid: ac785917c2c7a0c4b85ce55ee50c96f4,
        type: 3}
      propertyPath: m_LocalPosition.y
      value: 0
      objectReference: {fileID: 0}
    - target: {fileID: 3117997131435431315, guid: ac785917c2c7a0c4b85ce55ee50c96f4,
        type: 3}
      propertyPath: m_LocalPosition.z
      value: -0
      objectReference: {fileID: 0}
    - target: {fileID: 3117997131435431315, guid: ac785917c2c7a0c4b85ce55ee50c96f4,
        type: 3}
      propertyPath: m_LocalRotation.x
      value: 0
      objectReference: {fileID: 0}
    - target: {fileID: 3117997131435431315, guid: ac785917c2c7a0c4b85ce55ee50c96f4,
        type: 3}
      propertyPath: m_LocalRotation.y
      value: -0.7071068
      objectReference: {fileID: 0}
    - target: {fileID: 3117997131435431315, guid: ac785917c2c7a0c4b85ce55ee50c96f4,
        type: 3}
      propertyPath: m_LocalRotation.z
      value: 0
      objectReference: {fileID: 0}
    - target: {fileID: 3117997131435431315, guid: ac785917c2c7a0c4b85ce55ee50c96f4,
        type: 3}
      propertyPath: m_LocalRotation.w
      value: 0.7071068
      objectReference: {fileID: 0}
    - target: {fileID: 3117997131435431315, guid: ac785917c2c7a0c4b85ce55ee50c96f4,
        type: 3}
      propertyPath: m_RootOrder
      value: 1
      objectReference: {fileID: 0}
    - target: {fileID: 3117997131435431315, guid: ac785917c2c7a0c4b85ce55ee50c96f4,
        type: 3}
      propertyPath: m_LocalEulerAnglesHint.x
      value: 0
      objectReference: {fileID: 0}
    - target: {fileID: 3117997131435431315, guid: ac785917c2c7a0c4b85ce55ee50c96f4,
        type: 3}
      propertyPath: m_LocalEulerAnglesHint.y
      value: -90
      objectReference: {fileID: 0}
    - target: {fileID: 3117997131435431315, guid: ac785917c2c7a0c4b85ce55ee50c96f4,
        type: 3}
      propertyPath: m_LocalEulerAnglesHint.z
      value: 0
      objectReference: {fileID: 0}
    - target: {fileID: 6190797118993895301, guid: ac785917c2c7a0c4b85ce55ee50c96f4,
        type: 3}
      propertyPath: rightTarget
      value: 
      objectReference: {fileID: 7199558238793885978}
    m_RemovedComponents: []
  m_SourcePrefab: {fileID: 100100000, guid: ac785917c2c7a0c4b85ce55ee50c96f4, type: 3}
--- !u!4 &4923480092255879880 stripped
Transform:
  m_CorrespondingSourceObject: {fileID: 3117997131435431315, guid: ac785917c2c7a0c4b85ce55ee50c96f4,
    type: 3}
  m_PrefabInstance: {fileID: 8004847972879423323}
  m_PrefabAsset: {fileID: 0}
--- !u!1 &7775040735436237771 stripped
GameObject:
  m_CorrespondingSourceObject: {fileID: 355943298271394960, guid: ac785917c2c7a0c4b85ce55ee50c96f4,
    type: 3}
  m_PrefabInstance: {fileID: 8004847972879423323}
  m_PrefabAsset: {fileID: 0}
--- !u!4 &7199558239159505044 stripped
Transform:
  m_CorrespondingSourceObject: {fileID: 936492275241650127, guid: ac785917c2c7a0c4b85ce55ee50c96f4,
    type: 3}
  m_PrefabInstance: {fileID: 8004847972879423323}
  m_PrefabAsset: {fileID: 0}
--- !u!1 &6404928261978191089 stripped
GameObject:
  m_CorrespondingSourceObject: {fileID: 4031863510050415530, guid: ac785917c2c7a0c4b85ce55ee50c96f4,
    type: 3}
  m_PrefabInstance: {fileID: 8004847972879423323}
  m_PrefabAsset: {fileID: 0}
--- !u!1001 &8004847973211015174
PrefabInstance:
  m_ObjectHideFlags: 0
  serializedVersion: 2
  m_Modification:
    m_TransformParent: {fileID: 8004847972612087018}
    m_Modifications:
    - target: {fileID: 3117997131435431316, guid: ac785917c2c7a0c4b85ce55ee50c96f4,
        type: 3}
      propertyPath: m_Name
      value: corner (4)
      objectReference: {fileID: 0}
    - target: {fileID: 3117997131435431315, guid: ac785917c2c7a0c4b85ce55ee50c96f4,
        type: 3}
      propertyPath: m_LocalPosition.x
      value: 0
      objectReference: {fileID: 0}
    - target: {fileID: 3117997131435431315, guid: ac785917c2c7a0c4b85ce55ee50c96f4,
        type: 3}
      propertyPath: m_LocalPosition.y
      value: 0
      objectReference: {fileID: 0}
    - target: {fileID: 3117997131435431315, guid: ac785917c2c7a0c4b85ce55ee50c96f4,
        type: 3}
      propertyPath: m_LocalPosition.z
      value: 5
      objectReference: {fileID: 0}
    - target: {fileID: 3117997131435431315, guid: ac785917c2c7a0c4b85ce55ee50c96f4,
        type: 3}
      propertyPath: m_LocalRotation.x
      value: -0
      objectReference: {fileID: 0}
    - target: {fileID: 3117997131435431315, guid: ac785917c2c7a0c4b85ce55ee50c96f4,
        type: 3}
      propertyPath: m_LocalRotation.y
      value: 0.7071057
      objectReference: {fileID: 0}
    - target: {fileID: 3117997131435431315, guid: ac785917c2c7a0c4b85ce55ee50c96f4,
        type: 3}
      propertyPath: m_LocalRotation.z
      value: -0
      objectReference: {fileID: 0}
    - target: {fileID: 3117997131435431315, guid: ac785917c2c7a0c4b85ce55ee50c96f4,
        type: 3}
      propertyPath: m_LocalRotation.w
      value: 0.7071079
      objectReference: {fileID: 0}
    - target: {fileID: 3117997131435431315, guid: ac785917c2c7a0c4b85ce55ee50c96f4,
        type: 3}
      propertyPath: m_RootOrder
      value: 3
      objectReference: {fileID: 0}
    - target: {fileID: 3117997131435431315, guid: ac785917c2c7a0c4b85ce55ee50c96f4,
        type: 3}
      propertyPath: m_LocalEulerAnglesHint.x
      value: 0
      objectReference: {fileID: 0}
    - target: {fileID: 3117997131435431315, guid: ac785917c2c7a0c4b85ce55ee50c96f4,
        type: 3}
      propertyPath: m_LocalEulerAnglesHint.y
      value: 90.00001
      objectReference: {fileID: 0}
    - target: {fileID: 3117997131435431315, guid: ac785917c2c7a0c4b85ce55ee50c96f4,
        type: 3}
      propertyPath: m_LocalEulerAnglesHint.z
      value: 0
      objectReference: {fileID: 0}
    - target: {fileID: 6190797118993895301, guid: ac785917c2c7a0c4b85ce55ee50c96f4,
        type: 3}
      propertyPath: rightTarget
      value: 
      objectReference: {fileID: 5236738371695850890}
    m_RemovedComponents: []
  m_SourcePrefab: {fileID: 100100000, guid: ac785917c2c7a0c4b85ce55ee50c96f4, type: 3}
--- !u!4 &4923480092461161877 stripped
Transform:
  m_CorrespondingSourceObject: {fileID: 3117997131435431315, guid: ac785917c2c7a0c4b85ce55ee50c96f4,
    type: 3}
  m_PrefabInstance: {fileID: 8004847973211015174}
  m_PrefabAsset: {fileID: 0}
--- !u!1 &7775040735096222870 stripped
GameObject:
  m_CorrespondingSourceObject: {fileID: 355943298271394960, guid: ac785917c2c7a0c4b85ce55ee50c96f4,
    type: 3}
  m_PrefabInstance: {fileID: 8004847973211015174}
  m_PrefabAsset: {fileID: 0}
--- !u!4 &7199558238953705417 stripped
Transform:
  m_CorrespondingSourceObject: {fileID: 936492275241650127, guid: ac785917c2c7a0c4b85ce55ee50c96f4,
    type: 3}
  m_PrefabInstance: {fileID: 8004847973211015174}
  m_PrefabAsset: {fileID: 0}
--- !u!1 &6404928262318173100 stripped
GameObject:
  m_CorrespondingSourceObject: {fileID: 4031863510050415530, guid: ac785917c2c7a0c4b85ce55ee50c96f4,
    type: 3}
  m_PrefabInstance: {fileID: 8004847973211015174}
  m_PrefabAsset: {fileID: 0}
--- !u!1001 &8004847973335232213
PrefabInstance:
  m_ObjectHideFlags: 0
  serializedVersion: 2
  m_Modification:
    m_TransformParent: {fileID: 8004847972612087018}
    m_Modifications:
    - target: {fileID: 3117997131435431316, guid: ac785917c2c7a0c4b85ce55ee50c96f4,
        type: 3}
      propertyPath: m_Name
      value: corner (3)
      objectReference: {fileID: 0}
    - target: {fileID: 3117997131435431315, guid: ac785917c2c7a0c4b85ce55ee50c96f4,
        type: 3}
      propertyPath: m_LocalPosition.x
      value: 5
      objectReference: {fileID: 0}
    - target: {fileID: 3117997131435431315, guid: ac785917c2c7a0c4b85ce55ee50c96f4,
        type: 3}
      propertyPath: m_LocalPosition.y
      value: 0
      objectReference: {fileID: 0}
    - target: {fileID: 3117997131435431315, guid: ac785917c2c7a0c4b85ce55ee50c96f4,
        type: 3}
      propertyPath: m_LocalPosition.z
      value: 5
      objectReference: {fileID: 0}
    - target: {fileID: 3117997131435431315, guid: ac785917c2c7a0c4b85ce55ee50c96f4,
        type: 3}
      propertyPath: m_LocalRotation.x
      value: -0
      objectReference: {fileID: 0}
    - target: {fileID: 3117997131435431315, guid: ac785917c2c7a0c4b85ce55ee50c96f4,
        type: 3}
      propertyPath: m_LocalRotation.y
      value: -1
      objectReference: {fileID: 0}
    - target: {fileID: 3117997131435431315, guid: ac785917c2c7a0c4b85ce55ee50c96f4,
        type: 3}
      propertyPath: m_LocalRotation.z
      value: -0
      objectReference: {fileID: 0}
    - target: {fileID: 3117997131435431315, guid: ac785917c2c7a0c4b85ce55ee50c96f4,
        type: 3}
      propertyPath: m_LocalRotation.w
      value: 0.0000029504295
      objectReference: {fileID: 0}
    - target: {fileID: 3117997131435431315, guid: ac785917c2c7a0c4b85ce55ee50c96f4,
        type: 3}
      propertyPath: m_RootOrder
      value: 2
      objectReference: {fileID: 0}
    - target: {fileID: 3117997131435431315, guid: ac785917c2c7a0c4b85ce55ee50c96f4,
        type: 3}
      propertyPath: m_LocalEulerAnglesHint.x
      value: 0
      objectReference: {fileID: 0}
    - target: {fileID: 3117997131435431315, guid: ac785917c2c7a0c4b85ce55ee50c96f4,
        type: 3}
      propertyPath: m_LocalEulerAnglesHint.y
      value: -180.00002
      objectReference: {fileID: 0}
    - target: {fileID: 3117997131435431315, guid: ac785917c2c7a0c4b85ce55ee50c96f4,
        type: 3}
      propertyPath: m_LocalEulerAnglesHint.z
      value: 0
      objectReference: {fileID: 0}
    - target: {fileID: 6190797118993895301, guid: ac785917c2c7a0c4b85ce55ee50c96f4,
        type: 3}
      propertyPath: rightTarget
      value: 
      objectReference: {fileID: 7199558238953705417}
    m_RemovedComponents: []
  m_SourcePrefab: {fileID: 100100000, guid: ac785917c2c7a0c4b85ce55ee50c96f4, type: 3}
--- !u!4 &4923480092669360966 stripped
Transform:
  m_CorrespondingSourceObject: {fileID: 3117997131435431315, guid: ac785917c2c7a0c4b85ce55ee50c96f4,
    type: 3}
  m_PrefabInstance: {fileID: 8004847973335232213}
  m_PrefabAsset: {fileID: 0}
--- !u!1 &7775040735036002885 stripped
GameObject:
  m_CorrespondingSourceObject: {fileID: 355943298271394960, guid: ac785917c2c7a0c4b85ce55ee50c96f4,
    type: 3}
  m_PrefabInstance: {fileID: 8004847973335232213}
  m_PrefabAsset: {fileID: 0}
--- !u!4 &7199558238793885978 stripped
Transform:
  m_CorrespondingSourceObject: {fileID: 936492275241650127, guid: ac785917c2c7a0c4b85ce55ee50c96f4,
    type: 3}
  m_PrefabInstance: {fileID: 8004847973335232213}
  m_PrefabAsset: {fileID: 0}
--- !u!1 &6404928262074322303 stripped
GameObject:
  m_CorrespondingSourceObject: {fileID: 4031863510050415530, guid: ac785917c2c7a0c4b85ce55ee50c96f4,
    type: 3}
  m_PrefabInstance: {fileID: 8004847973335232213}
  m_PrefabAsset: {fileID: 0}
