%YAML 1.1
%TAG !u! tag:unity3d.com,2011:
--- !u!1 &2093047530293582422
GameObject:
  m_ObjectHideFlags: 0
  m_CorrespondingSourceObject: {fileID: 0}
  m_PrefabInstance: {fileID: 0}
  m_PrefabAsset: {fileID: 0}
  serializedVersion: 6
  m_Component:
  - component: {fileID: 1940397942623639470}
  m_Layer: 9
  m_Name: roadPositioner
  m_TagString: Untagged
  m_Icon: {fileID: 0}
  m_NavMeshLayer: 0
  m_StaticEditorFlags: 0
  m_IsActive: 1
--- !u!4 &1940397942623639470
Transform:
  m_ObjectHideFlags: 0
  m_CorrespondingSourceObject: {fileID: 0}
  m_PrefabInstance: {fileID: 0}
  m_PrefabAsset: {fileID: 0}
  m_GameObject: {fileID: 2093047530293582422}
  m_LocalRotation: {x: 0, y: 0, z: 0, w: 1}
  m_LocalPosition: {x: 1, y: 0, z: 0}
  m_LocalScale: {x: 1, y: 1, z: 1}
  m_Children: []
  m_Father: {fileID: 6670585256002373731}
  m_RootOrder: 9
  m_LocalEulerAnglesHint: {x: 0, y: 0, z: 0}
--- !u!1 &2523417281325398198
GameObject:
  m_ObjectHideFlags: 0
  m_CorrespondingSourceObject: {fileID: 0}
  m_PrefabInstance: {fileID: 0}
  m_PrefabAsset: {fileID: 0}
  serializedVersion: 6
  m_Component:
  - component: {fileID: 5700599288811521965}
  - component: {fileID: 5116316072147982104}
  - component: {fileID: 9209938173741353883}
  - component: {fileID: 2574872909801854374}
  m_Layer: 9
  m_Name: roadStraight
  m_TagString: Untagged
  m_Icon: {fileID: 0}
  m_NavMeshLayer: 0
  m_StaticEditorFlags: 0
  m_IsActive: 0
--- !u!4 &5700599288811521965
Transform:
  m_ObjectHideFlags: 0
  m_CorrespondingSourceObject: {fileID: 0}
  m_PrefabInstance: {fileID: 0}
  m_PrefabAsset: {fileID: 0}
  m_GameObject: {fileID: 2523417281325398198}
  m_LocalRotation: {x: 0, y: 0, z: 0, w: 1}
  m_LocalPosition: {x: 1, y: 0, z: 0}
  m_LocalScale: {x: 0.1, y: 0.1, z: 0.1}
  m_Children: []
  m_Father: {fileID: 6670585256002373731}
  m_RootOrder: 8
  m_LocalEulerAnglesHint: {x: 0, y: 0, z: 0}
--- !u!33 &5116316072147982104
MeshFilter:
  m_ObjectHideFlags: 0
  m_CorrespondingSourceObject: {fileID: 0}
  m_PrefabInstance: {fileID: 0}
  m_PrefabAsset: {fileID: 0}
  m_GameObject: {fileID: 2523417281325398198}
  m_Mesh: {fileID: 10209, guid: 0000000000000000e000000000000000, type: 0}
--- !u!23 &9209938173741353883
MeshRenderer:
  m_ObjectHideFlags: 0
  m_CorrespondingSourceObject: {fileID: 0}
  m_PrefabInstance: {fileID: 0}
  m_PrefabAsset: {fileID: 0}
  m_GameObject: {fileID: 2523417281325398198}
  m_Enabled: 1
  m_CastShadows: 1
  m_ReceiveShadows: 1
  m_DynamicOccludee: 1
  m_MotionVectors: 1
  m_LightProbeUsage: 1
  m_ReflectionProbeUsage: 1
  m_RenderingLayerMask: 1
  m_RendererPriority: 0
  m_Materials:
  - {fileID: 2100000, guid: 9b8b0c001cb181d4986ad0bc3469838a, type: 2}
  m_StaticBatchInfo:
    firstSubMesh: 0
    subMeshCount: 0
  m_StaticBatchRoot: {fileID: 0}
  m_ProbeAnchor: {fileID: 0}
  m_LightProbeVolumeOverride: {fileID: 0}
  m_ScaleInLightmap: 1
  m_PreserveUVs: 0
  m_IgnoreNormalsForChartDetection: 0
  m_ImportantGI: 0
  m_StitchLightmapSeams: 0
  m_SelectedEditorRenderState: 3
  m_MinimumChartSize: 4
  m_AutoUVMaxDistance: 0.5
  m_AutoUVMaxAngle: 89
  m_LightmapParameters: {fileID: 0}
  m_SortingLayerID: 0
  m_SortingLayer: 0
  m_SortingOrder: 0
--- !u!64 &2574872909801854374
MeshCollider:
  m_ObjectHideFlags: 0
  m_CorrespondingSourceObject: {fileID: 0}
  m_PrefabInstance: {fileID: 0}
  m_PrefabAsset: {fileID: 0}
  m_GameObject: {fileID: 2523417281325398198}
  m_Material: {fileID: 0}
  m_IsTrigger: 0
  m_Enabled: 1
  serializedVersion: 3
  m_Convex: 0
  m_CookingOptions: 14
  m_Mesh: {fileID: 10209, guid: 0000000000000000e000000000000000, type: 0}
--- !u!1 &6998637148803387982
GameObject:
  m_ObjectHideFlags: 0
  m_CorrespondingSourceObject: {fileID: 0}
  m_PrefabInstance: {fileID: 0}
  m_PrefabAsset: {fileID: 0}
  serializedVersion: 6
  m_Component:
  - component: {fileID: 6670585256002373731}
  - component: {fileID: 4775785888878233032}
  - component: {fileID: 398456539132936233}
  m_Layer: 11
  m_Name: roadCorner
  m_TagString: Untagged
  m_Icon: {fileID: 0}
  m_NavMeshLayer: 0
  m_StaticEditorFlags: 0
  m_IsActive: 1
--- !u!4 &6670585256002373731
Transform:
  m_ObjectHideFlags: 0
  m_CorrespondingSourceObject: {fileID: 0}
  m_PrefabInstance: {fileID: 0}
  m_PrefabAsset: {fileID: 0}
  m_GameObject: {fileID: 6998637148803387982}
  m_LocalRotation: {x: 0, y: 0, z: 0, w: 1}
  m_LocalPosition: {x: 0, y: 0, z: -1}
  m_LocalScale: {x: 1, y: 1, z: 1}
  m_Children:
  - {fileID: 7319125589147016931}
  - {fileID: 438897200789186970}
  - {fileID: 6064340342634695616}
  - {fileID: 1577446034685336409}
  - {fileID: 6521188173617034997}
  - {fileID: 7457138898995731551}
  - {fileID: 7556138588896225850}
  - {fileID: 6422792338440147148}
  - {fileID: 5700599288811521965}
  - {fileID: 1940397942623639470}
  m_Father: {fileID: 0}
  m_RootOrder: 0
  m_LocalEulerAnglesHint: {x: 0, y: 0, z: 0}
--- !u!65 &4775785888878233032
BoxCollider:
  m_ObjectHideFlags: 0
  m_CorrespondingSourceObject: {fileID: 0}
  m_PrefabInstance: {fileID: 0}
  m_PrefabAsset: {fileID: 0}
  m_GameObject: {fileID: 6998637148803387982}
  m_Material: {fileID: 0}
  m_IsTrigger: 0
  m_Enabled: 1
  serializedVersion: 2
  m_Size: {x: 1, y: 0.5, z: 1}
  m_Center: {x: 0, y: 0, z: 0}
--- !u!114 &398456539132936233
MonoBehaviour:
  m_ObjectHideFlags: 0
  m_CorrespondingSourceObject: {fileID: 0}
  m_PrefabInstance: {fileID: 0}
  m_PrefabAsset: {fileID: 0}
  m_GameObject: {fileID: 6998637148803387982}
  m_Enabled: 1
  m_EditorHideFlags: 0
  m_Script: {fileID: 11500000, guid: d1316106b0c3fdc44b6c0a20f48bbf2b, type: 3}
  m_Name: 
  m_EditorClassIdentifier: 
  roadLayer:
    serializedVersion: 2
    m_Bits: 2048
  front: 0
  right: 0
  back: 0
  left: 0
  roadTurns:
  - {fileID: 7319125589146976963}
  - {fileID: 438897200789222842}
  - {fileID: 6064340342634207200}
  - {fileID: 1577446034685233017}
  roadStraights:
  - {fileID: 6521188173617064661}
  - {fileID: 7457138898995822719}
  - {fileID: 7556138588895737370}
  - {fileID: 6422792338440244460}
  raycastRange: 50
  roadStraight: {fileID: 4213576449610157276, guid: 52af51341daf9574ba6095d7eea5e0c7,
    type: 3}
  rightTarget: {fileID: 0}
  roadPositioner: {fileID: 2093047530293582422}
  RightTargetdistance: 0
--- !u!1001 &438897200789320474
PrefabInstance:
  m_ObjectHideFlags: 0
  serializedVersion: 2
  m_Modification:
    m_TransformParent: {fileID: 6670585256002373731}
    m_Modifications:
    - target: {fileID: 100000, guid: 670f91045032dd04190b3cb3ab136e96, type: 3}
      propertyPath: m_Name
      value: roadTriangle (2)
      objectReference: {fileID: 0}
    - target: {fileID: 100000, guid: 670f91045032dd04190b3cb3ab136e96, type: 3}
      propertyPath: m_IsActive
      value: 0
      objectReference: {fileID: 0}
    - target: {fileID: 400000, guid: 670f91045032dd04190b3cb3ab136e96, type: 3}
      propertyPath: m_LocalPosition.x
      value: 0
      objectReference: {fileID: 0}
    - target: {fileID: 400000, guid: 670f91045032dd04190b3cb3ab136e96, type: 3}
      propertyPath: m_LocalPosition.y
      value: 0
      objectReference: {fileID: 0}
    - target: {fileID: 400000, guid: 670f91045032dd04190b3cb3ab136e96, type: 3}
      propertyPath: m_LocalPosition.z
      value: 0
      objectReference: {fileID: 0}
    - target: {fileID: 400000, guid: 670f91045032dd04190b3cb3ab136e96, type: 3}
      propertyPath: m_LocalRotation.x
      value: 0
      objectReference: {fileID: 0}
    - target: {fileID: 400000, guid: 670f91045032dd04190b3cb3ab136e96, type: 3}
      propertyPath: m_LocalRotation.y
      value: 0.7071068
      objectReference: {fileID: 0}
    - target: {fileID: 400000, guid: 670f91045032dd04190b3cb3ab136e96, type: 3}
      propertyPath: m_LocalRotation.z
      value: 0
      objectReference: {fileID: 0}
    - target: {fileID: 400000, guid: 670f91045032dd04190b3cb3ab136e96, type: 3}
      propertyPath: m_LocalRotation.w
      value: 0.7071068
      objectReference: {fileID: 0}
    - target: {fileID: 400000, guid: 670f91045032dd04190b3cb3ab136e96, type: 3}
      propertyPath: m_RootOrder
      value: 1
      objectReference: {fileID: 0}
    - target: {fileID: 400000, guid: 670f91045032dd04190b3cb3ab136e96, type: 3}
      propertyPath: m_LocalEulerAnglesHint.x
      value: 0
      objectReference: {fileID: 0}
    - target: {fileID: 400000, guid: 670f91045032dd04190b3cb3ab136e96, type: 3}
      propertyPath: m_LocalEulerAnglesHint.y
      value: 90
      objectReference: {fileID: 0}
    - target: {fileID: 400000, guid: 670f91045032dd04190b3cb3ab136e96, type: 3}
      propertyPath: m_LocalEulerAnglesHint.z
      value: 0
      objectReference: {fileID: 0}
    - target: {fileID: 2300000, guid: 670f91045032dd04190b3cb3ab136e96, type: 3}
      propertyPath: m_Materials.Array.data[0]
      value: 
      objectReference: {fileID: 2100000, guid: 87b3531566f5d5642b5800a0e38e1649, type: 2}
    m_RemovedComponents: []
  m_SourcePrefab: {fileID: 100100000, guid: 670f91045032dd04190b3cb3ab136e96, type: 3}
--- !u!1 &438897200789222842 stripped
GameObject:
  m_CorrespondingSourceObject: {fileID: 100000, guid: 670f91045032dd04190b3cb3ab136e96,
    type: 3}
  m_PrefabInstance: {fileID: 438897200789320474}
  m_PrefabAsset: {fileID: 0}
--- !u!4 &438897200789186970 stripped
Transform:
  m_CorrespondingSourceObject: {fileID: 400000, guid: 670f91045032dd04190b3cb3ab136e96,
    type: 3}
  m_PrefabInstance: {fileID: 438897200789320474}
  m_PrefabAsset: {fileID: 0}
--- !u!1001 &1577446034685198809
PrefabInstance:
  m_ObjectHideFlags: 0
  serializedVersion: 2
  m_Modification:
    m_TransformParent: {fileID: 6670585256002373731}
    m_Modifications:
    - target: {fileID: 100000, guid: 670f91045032dd04190b3cb3ab136e96, type: 3}
      propertyPath: m_Name
      value: roadTriangle (4)
      objectReference: {fileID: 0}
    - target: {fileID: 100000, guid: 670f91045032dd04190b3cb3ab136e96, type: 3}
      propertyPath: m_IsActive
      value: 0
      objectReference: {fileID: 0}
    - target: {fileID: 400000, guid: 670f91045032dd04190b3cb3ab136e96, type: 3}
      propertyPath: m_LocalPosition.x
      value: 0
      objectReference: {fileID: 0}
    - target: {fileID: 400000, guid: 670f91045032dd04190b3cb3ab136e96, type: 3}
      propertyPath: m_LocalPosition.y
      value: 0
      objectReference: {fileID: 0}
    - target: {fileID: 400000, guid: 670f91045032dd04190b3cb3ab136e96, type: 3}
      propertyPath: m_LocalPosition.z
      value: 0
      objectReference: {fileID: 0}
    - target: {fileID: 400000, guid: 670f91045032dd04190b3cb3ab136e96, type: 3}
      propertyPath: m_LocalRotation.x
      value: 0
      objectReference: {fileID: 0}
    - target: {fileID: 400000, guid: 670f91045032dd04190b3cb3ab136e96, type: 3}
      propertyPath: m_LocalRotation.y
      value: -0.7071068
      objectReference: {fileID: 0}
    - target: {fileID: 400000, guid: 670f91045032dd04190b3cb3ab136e96, type: 3}
      propertyPath: m_LocalRotation.z
      value: 0
      objectReference: {fileID: 0}
    - target: {fileID: 400000, guid: 670f91045032dd04190b3cb3ab136e96, type: 3}
      propertyPath: m_LocalRotation.w
      value: 0.7071068
      objectReference: {fileID: 0}
    - target: {fileID: 400000, guid: 670f91045032dd04190b3cb3ab136e96, type: 3}
      propertyPath: m_RootOrder
      value: 3
      objectReference: {fileID: 0}
    - target: {fileID: 400000, guid: 670f91045032dd04190b3cb3ab136e96, type: 3}
      propertyPath: m_LocalEulerAnglesHint.x
      value: 0
      objectReference: {fileID: 0}
    - target: {fileID: 400000, guid: 670f91045032dd04190b3cb3ab136e96, type: 3}
      propertyPath: m_LocalEulerAnglesHint.y
      value: -90
      objectReference: {fileID: 0}
    - target: {fileID: 400000, guid: 670f91045032dd04190b3cb3ab136e96, type: 3}
      propertyPath: m_LocalEulerAnglesHint.z
      value: 0
      objectReference: {fileID: 0}
    - target: {fileID: 2300000, guid: 670f91045032dd04190b3cb3ab136e96, type: 3}
      propertyPath: m_Materials.Array.data[0]
      value: 
      objectReference: {fileID: 2100000, guid: 87b3531566f5d5642b5800a0e38e1649, type: 2}
    m_RemovedComponents: []
  m_SourcePrefab: {fileID: 100100000, guid: 670f91045032dd04190b3cb3ab136e96, type: 3}
--- !u!1 &1577446034685233017 stripped
GameObject:
  m_CorrespondingSourceObject: {fileID: 100000, guid: 670f91045032dd04190b3cb3ab136e96,
    type: 3}
  m_PrefabInstance: {fileID: 1577446034685198809}
  m_PrefabAsset: {fileID: 0}
--- !u!4 &1577446034685336409 stripped
Transform:
  m_CorrespondingSourceObject: {fileID: 400000, guid: 670f91045032dd04190b3cb3ab136e96,
    type: 3}
  m_PrefabInstance: {fileID: 1577446034685198809}
  m_PrefabAsset: {fileID: 0}
--- !u!1001 &6064340342634303808
PrefabInstance:
  m_ObjectHideFlags: 0
  serializedVersion: 2
  m_Modification:
    m_TransformParent: {fileID: 6670585256002373731}
    m_Modifications:
    - target: {fileID: 100000, guid: 670f91045032dd04190b3cb3ab136e96, type: 3}
      propertyPath: m_Name
      value: roadTriangle (3)
      objectReference: {fileID: 0}
    - target: {fileID: 100000, guid: 670f91045032dd04190b3cb3ab136e96, type: 3}
      propertyPath: m_IsActive
      value: 0
      objectReference: {fileID: 0}
    - target: {fileID: 400000, guid: 670f91045032dd04190b3cb3ab136e96, type: 3}
      propertyPath: m_LocalPosition.x
      value: 0
      objectReference: {fileID: 0}
    - target: {fileID: 400000, guid: 670f91045032dd04190b3cb3ab136e96, type: 3}
      propertyPath: m_LocalPosition.y
      value: 0
      objectReference: {fileID: 0}
    - target: {fileID: 400000, guid: 670f91045032dd04190b3cb3ab136e96, type: 3}
      propertyPath: m_LocalPosition.z
      value: 0
      objectReference: {fileID: 0}
    - target: {fileID: 400000, guid: 670f91045032dd04190b3cb3ab136e96, type: 3}
      propertyPath: m_LocalRotation.x
      value: 0
      objectReference: {fileID: 0}
    - target: {fileID: 400000, guid: 670f91045032dd04190b3cb3ab136e96, type: 3}
      propertyPath: m_LocalRotation.y
      value: 1
      objectReference: {fileID: 0}
    - target: {fileID: 400000, guid: 670f91045032dd04190b3cb3ab136e96, type: 3}
      propertyPath: m_LocalRotation.z
      value: 0
      objectReference: {fileID: 0}
    - target: {fileID: 400000, guid: 670f91045032dd04190b3cb3ab136e96, type: 3}
      propertyPath: m_LocalRotation.w
      value: 0
      objectReference: {fileID: 0}
    - target: {fileID: 400000, guid: 670f91045032dd04190b3cb3ab136e96, type: 3}
      propertyPath: m_RootOrder
      value: 2
      objectReference: {fileID: 0}
    - target: {fileID: 400000, guid: 670f91045032dd04190b3cb3ab136e96, type: 3}
      propertyPath: m_LocalEulerAnglesHint.x
      value: 0
      objectReference: {fileID: 0}
    - target: {fileID: 400000, guid: 670f91045032dd04190b3cb3ab136e96, type: 3}
      propertyPath: m_LocalEulerAnglesHint.y
      value: 180
      objectReference: {fileID: 0}
    - target: {fileID: 400000, guid: 670f91045032dd04190b3cb3ab136e96, type: 3}
      propertyPath: m_LocalEulerAnglesHint.z
      value: 0
      objectReference: {fileID: 0}
    - target: {fileID: 2300000, guid: 670f91045032dd04190b3cb3ab136e96, type: 3}
      propertyPath: m_Materials.Array.data[0]
      value: 
      objectReference: {fileID: 2100000, guid: 87b3531566f5d5642b5800a0e38e1649, type: 2}
    m_RemovedComponents: []
  m_SourcePrefab: {fileID: 100100000, guid: 670f91045032dd04190b3cb3ab136e96, type: 3}
--- !u!1 &6064340342634207200 stripped
GameObject:
  m_CorrespondingSourceObject: {fileID: 100000, guid: 670f91045032dd04190b3cb3ab136e96,
    type: 3}
  m_PrefabInstance: {fileID: 6064340342634303808}
  m_PrefabAsset: {fileID: 0}
--- !u!4 &6064340342634695616 stripped
Transform:
  m_CorrespondingSourceObject: {fileID: 400000, guid: 670f91045032dd04190b3cb3ab136e96,
    type: 3}
  m_PrefabInstance: {fileID: 6064340342634303808}
  m_PrefabAsset: {fileID: 0}
--- !u!1001 &6422792338440276556
PrefabInstance:
  m_ObjectHideFlags: 0
  serializedVersion: 2
  m_Modification:
    m_TransformParent: {fileID: 6670585256002373731}
    m_Modifications:
    - target: {fileID: 100000, guid: 670f91045032dd04190b3cb3ab136e96, type: 3}
      propertyPath: m_Name
      value: roadTriangle (8)
      objectReference: {fileID: 0}
    - target: {fileID: 100000, guid: 670f91045032dd04190b3cb3ab136e96, type: 3}
      propertyPath: m_IsActive
      value: 0
      objectReference: {fileID: 0}
    - target: {fileID: 400000, guid: 670f91045032dd04190b3cb3ab136e96, type: 3}
      propertyPath: m_RootOrder
      value: 7
      objectReference: {fileID: 0}
    - target: {fileID: 400000, guid: 670f91045032dd04190b3cb3ab136e96, type: 3}
      propertyPath: m_LocalRotation.y
      value: -0.7071068
      objectReference: {fileID: 0}
    - target: {fileID: 400000, guid: 670f91045032dd04190b3cb3ab136e96, type: 3}
      propertyPath: m_LocalRotation.z
      value: 0
      objectReference: {fileID: 0}
    - target: {fileID: 400000, guid: 670f91045032dd04190b3cb3ab136e96, type: 3}
      propertyPath: m_LocalRotation.w
      value: 0.7071068
      objectReference: {fileID: 0}
    - target: {fileID: 400000, guid: 670f91045032dd04190b3cb3ab136e96, type: 3}
      propertyPath: m_LocalEulerAnglesHint.y
      value: -90
      objectReference: {fileID: 0}
    - target: {fileID: 2300000, guid: 670f91045032dd04190b3cb3ab136e96, type: 3}
      propertyPath: m_Materials.Array.data[0]
      value: 
      objectReference: {fileID: 2100000, guid: 9b8b0c001cb181d4986ad0bc3469838a, type: 2}
    m_RemovedComponents: []
  m_SourcePrefab: {fileID: 100100000, guid: 670f91045032dd04190b3cb3ab136e96, type: 3}
--- !u!1 &6422792338440244460 stripped
GameObject:
  m_CorrespondingSourceObject: {fileID: 100000, guid: 670f91045032dd04190b3cb3ab136e96,
    type: 3}
  m_PrefabInstance: {fileID: 6422792338440276556}
  m_PrefabAsset: {fileID: 0}
--- !u!4 &6422792338440147148 stripped
Transform:
  m_CorrespondingSourceObject: {fileID: 400000, guid: 670f91045032dd04190b3cb3ab136e96,
    type: 3}
  m_PrefabInstance: {fileID: 6422792338440276556}
  m_PrefabAsset: {fileID: 0}
--- !u!1001 &6521188173617163381
PrefabInstance:
  m_ObjectHideFlags: 0
  serializedVersion: 2
  m_Modification:
    m_TransformParent: {fileID: 6670585256002373731}
    m_Modifications:
    - target: {fileID: 100000, guid: 670f91045032dd04190b3cb3ab136e96, type: 3}
      propertyPath: m_Name
      value: roadTriangle (5)
      objectReference: {fileID: 0}
    - target: {fileID: 100000, guid: 670f91045032dd04190b3cb3ab136e96, type: 3}
      propertyPath: m_IsActive
      value: 0
      objectReference: {fileID: 0}
    - target: {fileID: 400000, guid: 670f91045032dd04190b3cb3ab136e96, type: 3}
      propertyPath: m_RootOrder
      value: 4
      objectReference: {fileID: 0}
    - target: {fileID: 2300000, guid: 670f91045032dd04190b3cb3ab136e96, type: 3}
      propertyPath: m_Materials.Array.data[0]
      value: 
      objectReference: {fileID: 2100000, guid: 9b8b0c001cb181d4986ad0bc3469838a, type: 2}
    m_RemovedComponents: []
  m_SourcePrefab: {fileID: 100100000, guid: 670f91045032dd04190b3cb3ab136e96, type: 3}
--- !u!4 &6521188173617034997 stripped
Transform:
  m_CorrespondingSourceObject: {fileID: 400000, guid: 670f91045032dd04190b3cb3ab136e96,
    type: 3}
  m_PrefabInstance: {fileID: 6521188173617163381}
  m_PrefabAsset: {fileID: 0}
--- !u!1 &6521188173617064661 stripped
GameObject:
  m_CorrespondingSourceObject: {fileID: 100000, guid: 670f91045032dd04190b3cb3ab136e96,
    type: 3}
  m_PrefabInstance: {fileID: 6521188173617163381}
  m_PrefabAsset: {fileID: 0}
--- !u!1001 &7319125589146879075
PrefabInstance:
  m_ObjectHideFlags: 0
  serializedVersion: 2
  m_Modification:
    m_TransformParent: {fileID: 6670585256002373731}
    m_Modifications:
    - target: {fileID: 100000, guid: 670f91045032dd04190b3cb3ab136e96, type: 3}
      propertyPath: m_Name
      value: roadTriangle (1)
      objectReference: {fileID: 0}
    - target: {fileID: 100000, guid: 670f91045032dd04190b3cb3ab136e96, type: 3}
      propertyPath: m_IsActive
      value: 0
      objectReference: {fileID: 0}
    - target: {fileID: 400000, guid: 670f91045032dd04190b3cb3ab136e96, type: 3}
      propertyPath: m_LocalPosition.x
      value: 0
      objectReference: {fileID: 0}
    - target: {fileID: 400000, guid: 670f91045032dd04190b3cb3ab136e96, type: 3}
      propertyPath: m_LocalPosition.y
      value: 0
      objectReference: {fileID: 0}
    - target: {fileID: 400000, guid: 670f91045032dd04190b3cb3ab136e96, type: 3}
      propertyPath: m_LocalPosition.z
      value: 0
      objectReference: {fileID: 0}
    - target: {fileID: 400000, guid: 670f91045032dd04190b3cb3ab136e96, type: 3}
      propertyPath: m_LocalRotation.x
      value: -0
      objectReference: {fileID: 0}
    - target: {fileID: 400000, guid: 670f91045032dd04190b3cb3ab136e96, type: 3}
      propertyPath: m_LocalRotation.y
      value: -0
      objectReference: {fileID: 0}
    - target: {fileID: 400000, guid: 670f91045032dd04190b3cb3ab136e96, type: 3}
      propertyPath: m_LocalRotation.z
      value: -0
      objectReference: {fileID: 0}
    - target: {fileID: 400000, guid: 670f91045032dd04190b3cb3ab136e96, type: 3}
      propertyPath: m_LocalRotation.w
      value: 1
      objectReference: {fileID: 0}
    - target: {fileID: 400000, guid: 670f91045032dd04190b3cb3ab136e96, type: 3}
      propertyPath: m_RootOrder
      value: 0
      objectReference: {fileID: 0}
    - target: {fileID: 400000, guid: 670f91045032dd04190b3cb3ab136e96, type: 3}
      propertyPath: m_LocalEulerAnglesHint.x
      value: 0
      objectReference: {fileID: 0}
    - target: {fileID: 400000, guid: 670f91045032dd04190b3cb3ab136e96, type: 3}
      propertyPath: m_LocalEulerAnglesHint.y
      value: 0
      objectReference: {fileID: 0}
    - target: {fileID: 400000, guid: 670f91045032dd04190b3cb3ab136e96, type: 3}
      propertyPath: m_LocalEulerAnglesHint.z
      value: 0
      objectReference: {fileID: 0}
    - target: {fileID: 2300000, guid: 670f91045032dd04190b3cb3ab136e96, type: 3}
      propertyPath: m_Materials.Array.data[0]
      value: 
      objectReference: {fileID: 2100000, guid: 87b3531566f5d5642b5800a0e38e1649, type: 2}
    m_RemovedComponents: []
  m_SourcePrefab: {fileID: 100100000, guid: 670f91045032dd04190b3cb3ab136e96, type: 3}
--- !u!4 &7319125589147016931 stripped
Transform:
  m_CorrespondingSourceObject: {fileID: 400000, guid: 670f91045032dd04190b3cb3ab136e96,
    type: 3}
  m_PrefabInstance: {fileID: 7319125589146879075}
  m_PrefabAsset: {fileID: 0}
--- !u!1 &7319125589146976963 stripped
GameObject:
  m_CorrespondingSourceObject: {fileID: 100000, guid: 670f91045032dd04190b3cb3ab136e96,
    type: 3}
  m_PrefabInstance: {fileID: 7319125589146879075}
  m_PrefabAsset: {fileID: 0}
--- !u!1001 &7457138898995857119
PrefabInstance:
  m_ObjectHideFlags: 0
  serializedVersion: 2
  m_Modification:
    m_TransformParent: {fileID: 6670585256002373731}
    m_Modifications:
    - target: {fileID: 100000, guid: 670f91045032dd04190b3cb3ab136e96, type: 3}
      propertyPath: m_Name
      value: roadTriangle (6)
      objectReference: {fileID: 0}
    - target: {fileID: 100000, guid: 670f91045032dd04190b3cb3ab136e96, type: 3}
      propertyPath: m_IsActive
      value: 0
      objectReference: {fileID: 0}
    - target: {fileID: 400000, guid: 670f91045032dd04190b3cb3ab136e96, type: 3}
      propertyPath: m_RootOrder
      value: 5
      objectReference: {fileID: 0}
    - target: {fileID: 400000, guid: 670f91045032dd04190b3cb3ab136e96, type: 3}
      propertyPath: m_LocalRotation.y
      value: 0.7071068
      objectReference: {fileID: 0}
    - target: {fileID: 400000, guid: 670f91045032dd04190b3cb3ab136e96, type: 3}
      propertyPath: m_LocalRotation.z
      value: 0
      objectReference: {fileID: 0}
    - target: {fileID: 400000, guid: 670f91045032dd04190b3cb3ab136e96, type: 3}
      propertyPath: m_LocalRotation.w
      value: 0.7071068
      objectReference: {fileID: 0}
    - target: {fileID: 400000, guid: 670f91045032dd04190b3cb3ab136e96, type: 3}
      propertyPath: m_LocalEulerAnglesHint.y
      value: 90
      objectReference: {fileID: 0}
    - target: {fileID: 2300000, guid: 670f91045032dd04190b3cb3ab136e96, type: 3}
      propertyPath: m_Materials.Array.data[0]
      value: 
      objectReference: {fileID: 2100000, guid: 9b8b0c001cb181d4986ad0bc3469838a, type: 2}
    m_RemovedComponents: []
  m_SourcePrefab: {fileID: 100100000, guid: 670f91045032dd04190b3cb3ab136e96, type: 3}
--- !u!4 &7457138898995731551 stripped
Transform:
  m_CorrespondingSourceObject: {fileID: 400000, guid: 670f91045032dd04190b3cb3ab136e96,
    type: 3}
  m_PrefabInstance: {fileID: 7457138898995857119}
  m_PrefabAsset: {fileID: 0}
--- !u!1 &7457138898995822719 stripped
GameObject:
  m_CorrespondingSourceObject: {fileID: 100000, guid: 670f91045032dd04190b3cb3ab136e96,
    type: 3}
  m_PrefabInstance: {fileID: 7457138898995857119}
  m_PrefabAsset: {fileID: 0}
--- !u!1001 &7556138588895834298
PrefabInstance:
  m_ObjectHideFlags: 0
  serializedVersion: 2
  m_Modification:
    m_TransformParent: {fileID: 6670585256002373731}
    m_Modifications:
    - target: {fileID: 100000, guid: 670f91045032dd04190b3cb3ab136e96, type: 3}
      propertyPath: m_Name
      value: roadTriangle (7)
      objectReference: {fileID: 0}
    - target: {fileID: 100000, guid: 670f91045032dd04190b3cb3ab136e96, type: 3}
      propertyPath: m_IsActive
      value: 0
      objectReference: {fileID: 0}
    - target: {fileID: 400000, guid: 670f91045032dd04190b3cb3ab136e96, type: 3}
      propertyPath: m_RootOrder
      value: 6
      objectReference: {fileID: 0}
    - target: {fileID: 400000, guid: 670f91045032dd04190b3cb3ab136e96, type: 3}
      propertyPath: m_LocalRotation.y
      value: 1
      objectReference: {fileID: 0}
    - target: {fileID: 400000, guid: 670f91045032dd04190b3cb3ab136e96, type: 3}
      propertyPath: m_LocalRotation.z
      value: 0
      objectReference: {fileID: 0}
    - target: {fileID: 400000, guid: 670f91045032dd04190b3cb3ab136e96, type: 3}
      propertyPath: m_LocalRotation.w
      value: 0
      objectReference: {fileID: 0}
    - target: {fileID: 400000, guid: 670f91045032dd04190b3cb3ab136e96, type: 3}
      propertyPath: m_LocalEulerAnglesHint.y
      value: 180
      objectReference: {fileID: 0}
    - target: {fileID: 2300000, guid: 670f91045032dd04190b3cb3ab136e96, type: 3}
      propertyPath: m_Materials.Array.data[0]
      value: 
      objectReference: {fileID: 2100000, guid: 9b8b0c001cb181d4986ad0bc3469838a, type: 2}
    m_RemovedComponents: []
  m_SourcePrefab: {fileID: 100100000, guid: 670f91045032dd04190b3cb3ab136e96, type: 3}
--- !u!1 &7556138588895737370 stripped
GameObject:
  m_CorrespondingSourceObject: {fileID: 100000, guid: 670f91045032dd04190b3cb3ab136e96,
    type: 3}
  m_PrefabInstance: {fileID: 7556138588895834298}
  m_PrefabAsset: {fileID: 0}
--- !u!4 &7556138588896225850 stripped
Transform:
  m_CorrespondingSourceObject: {fileID: 400000, guid: 670f91045032dd04190b3cb3ab136e96,
    type: 3}
  m_PrefabInstance: {fileID: 7556138588895834298}
  m_PrefabAsset: {fileID: 0}
